@article{lmsdefinition, 
   author = "Ryann Ellis",
   title = "Field Guide to Learning Management", 
   publisher = "ASTD Learning Circuits"
   year      = "2012",
   url       = "https://web.archive.org/web/20140824102458/http://www.astd.org/~/media/Files/Publications/LMS_fieldguide_20091"
}